
@ARTICLE {barkai,
    author  = "Barkai, E. and Metzler, R. and  Klafter, J.",

    title   = "From continuous time random walks to the fractional Fokker-Planck equation",
    journal = "Physical Review Letters",
    year    = "2000",
    volume  = "61",
    number  = "1"
}
@ARTICLE {blanchard,
    author  = "Blanchard, Ph.  and  Hongler, M.-O.",
    title   = "Quantum Random Walks and Piecewise Deterministic Evolution",
    journal = "Physical Review Letters",
    year    = "2004",
    volume  = "92",
    number  = "12"
}
@ARTICLE {lin,
    author  = "Lin, Y.  and Xu, C.",
    title   = "Finite difference/spectral approximations for the time-fractional diffusion equation.",
    journal = "Journal of Computational Physics",
    year    = "2007",
    volume  = "225"
}
@ARTICLE {shor,
    author  = "Shor, P.",
    title   = "Polynomial-Time Algorithms for Prime Factorization and Discrete Logarithms on a Quantum Computer",
    journal = "SIAM Journal on Computing",
    year    = "1997",
    volume = "26",
    number = "5",
}
@ARTICLE {venegas,
    author  = "Venegas-Andraca, E.",
    title   = "Quantum walks: a comprehensive review",
    journal = "Quantum Information Processing",
    year    = "2012"
}

@ARTICLE {jin,
    author  = "Jin, B.T. and Lazarov, R. and Zhou, Z.",
    title   = "An analysis of the L1 Scheme for the subdiffusion equation with nonsmooth data",
    journal = "IMA Journal of Numerical Analysis",
    year    = "2016",
    volume = "36",
    number = "1"
}

@ARTICLE{valdinoci,
	author = "Valdinoci, E.",
	title = "FROM THE LONG JUMP RANDOM WALK TO THE FRACTIONAL LAPLACIAN",
	journal = "arXiv:0901.3261",
	year = "2009"
}

@ARTICLE{metzler,
author = "Metzler, R. and Klafter, J.",
title = "The random walk's guide to anomalous diffusion: a fractional dynamics approach",
journal = "Physics Reports",
year = "2000",
volume = "339",
number = "1"
}

@ARTICLE{valdinoci_opt,
author = "Sprekels, J. and Valdinoci, E.",
title = "A NEW TYPE OF IDENTIFICATION PROBLEMS: OPTIMIZING THE FRACTIONAL ORDER
IN A NONLOCAL EVOLUTION EQUATION",
journal = "SIAM Journal on Control and Optimization",
year = "2017",
volume = "55",
number = "1"
}

@ARTICLE{childs_2010,
	author = "Childs, A.",
	title = "On the relationship between continuous- and discrete-time quantum walk.",
	journal = "Communications in Mathematical Physics",
	year = "2010",
	volume = "294",
	number = "2"
}

@ARTICLE{Vandersypen_2001,
	author = "L.M. Vandersypen and M. Steffen and G. Breyta and C.S.  Yannoni and M.H. Sherwood and I.L. Chuang",
	title = "Experimental realization of Shor's quantum factoring algorithm using nuclear magnetic resonance",
	journal = "Nature",
	year = "2001",
	volume = "414",
	number = "6866"
	
}

@ARTICLE{ambainis_2007,
	author = "Ambainis, A.",
	title = "QUANTUM WALK ALGORITHM FOR ELEMENT DISTINCTNESS",
	journal = "SIAM Journal on Computing",
	year = "2007",
	volume = "37",
	number = "1"
}

@ARTICLE{shenvi_2003,
	author = "Shenvi, N. and Kempe, J. and Whaley, K.B.",
	title = "Quantum random-walk search algorithm",
	journal = "Physical Review A",
	year = "2003",
	volume = "67"
}

@ARTICLE{childs_2009,
	author = "Childs, A.",
	title = "Universal computation by quantum walk",
	journal = "Physical Review Letters",
	year = "2009",
	volume = "102",
}

@ARTICLE{lovett_2010,
	author = " Lovett, N.B. and Cooper, S. and Everitt, M. and Trevers, M. and Kendon, V.",
	title = "Universal quantum computation using the discrete-time quantum walk",
	journal = "Physical Review A",
	year = "2010",
	volume = "81"
}

@BOOK{samko_1993,
  author    = "Samko, S.G. and Kilbas, A.A. and Marichev, O.I.", 
  title     = "Fractional integrals and derivatives: theory and applications",
  publisher = "Gordon and Breach Science Publishers",
  year      = "1993",
  isbn      =  "2881248640"
}


@ARTICLE{rudin_1992,
	author = " Rudin, L.I. and Osher, S. and Fatemi, E.",
	title = "Nonlinear total variation based noise removal algorithms",
	journal = "Physica D",
	year = "1992",
	volume = "60"
}

@ARTICLE{calatroni_2015,
	author = "Calatroni, C. and Chung, C. and De Los Reyes, J.C. and Schonlieb, C.B. and Valkonen, T.",
	title = "Bilevel approaches for learning of variational imaging models",
	journal = "arXiv:1505.02120v1",
	year = "2015",
}

@ARTICLE{valdinoci_2017,
	author = "Abatangelo, N. and Valdinoci, E",
	title = "GETTING ACQUAINTED WITH THE FRACTIONAL LAPLACIAN",
	journal = "arXiv:1710.11567v1",
	year = "2017",
}

@BOOK{arfken_1985,
  author    = "Arfken, G.", 
  title     = "Mathematical Methods for Physicists",
  publisher = "Academic Press Inc.",
  edition = "3rd",
  year      = "1985",
  isbn      =  "012059108"
}

@ARTICLE{stynes,
	author = "Stynes, M.",
	title = "Too much regularity may force too much uniqueness",
	journal = "arXiv:1607.01955v1",
	year = "2016",
}

@ARTICLE{NSF_quantum_2018,
	author = "National Science Foundation",
	title = "The Quantum Leap: Leading the Next Quantum Revolution",
	year = "2018",
    note = "\url{https://www.nsf.gov/news/special_reports/big_ideas/quantum.jsp}"
}

@article{HAntil_DLeykekhman_2018a,
  title={A brief introduction to PDE constrained optimization},
  author={Antil, H. and Leykekhman, D.},
  journal={To appear: IMA Volume},
  year={2018}
}

@article {HAntil_SBartels_2017a,
   FAUTHOR = {Antil, Harbir and Bartels, S\"oren},
    AUTHOR = {Antil, H. and Bartels, S.},
     TITLE = {Spectral approximation of fractional {PDE}s in image
              processing and phase field modeling},
   JOURNAL = {Comput. Methods Appl. Math.},
  FJOURNAL = {Computational Methods in Applied Mathematics},
    VOLUME = {17},
      YEAR = {2017},
    NUMBER = {4},
     PAGES = {661--678},
      ISSN = {1609-4840},
   MRCLASS = {65N35 (26A33 35R11 35S05 49K20 49M05 65N12)},
  MRNUMBER = {3709055},
       URL = {https://doi.org/10.1515/cmam-2017-0039},
}

@article{di2012hitchhikers,
  title={Hitchhiker ºs guide to the fractional Sobolev spaces},
  author={Nezza, E. Di. and Palatucci, G. and Valdinoci, E.},
  journal={Bulletin des Sciences Math{\'e}matiques},
  volume={136},
  number={5},
  pages={521--573},
  year={2012},
  publisher={Elsevier}
}

@article{galfractional,
  title={Fractional-in-time semilinear parabolic equations and applications},
  author={Gal, C. and Warma, M.}
}

@article {Caf3,
   FAUTHOR = {Caffarelli, Luis and Silvestre, Luis},
    AUTHOR = {Caffarelli, L. and Silvestre, L.},
     TITLE = {An extension problem related to the fractional {L}aplacian},
   JOURNAL = {Comm. Partial Differential Equations},
  FJOURNAL = {Communications in Partial Differential Equations},
    VOLUME = {32},
      YEAR = {2007},
    NUMBER = {7-9},
     PAGES = {1245--1260},
      ISSN = {0360-5302},
     CODEN = {CPDIDZ},
   MRCLASS = {35J70},
  MRNUMBER = {2354493},
MRREVIEWER = {Francesco Petitta},
       DOI = {10.1080/03605300600987306},
       URL = {http://dx.doi.org/10.1080/03605300600987306},
}

@article {SMMolcanov_EOstrovski_1969a,
   FAUTHOR = {Mol\v canov, S. A. and Ostrovski\u\i , E.},
    AUTHOR = {Mol\v canov, S.A. and Ostrovski\u\i , E.},
     TITLE = {Symmetric stable processes as traces of degenerate diffusion
              processes },
   JOURNAL = {Teor. Verojatnost. i Primenen.},
  FJOURNAL = {Akademija Nauk SSSR. Teorija Verojatnoste\u\i \ i ee Primenenija},
    VOLUME = {14},
      YEAR = {1969},
     PAGES = {127--130},
      ISSN = {0040-361x},
   MRCLASS = {60.62},
  MRNUMBER = {0247668},
MRREVIEWER = {J. G. Wendel},
}

@article{brown2018analysis,
  title={Analysis of models for viscoelastic wave propagation},
  author={Brown, T. and Du, S. and Eruslu, H. and Sayas, F.-J.},
  journal={arXiv preprint arXiv:1802.00825},
  year={2018}
}

@article{antil2018sobolev,
  title={Sobolev spaces with non-Muckenhoupt weights, fractional elliptic operators, and applications},
  author={Antil, H. and Rautenberg, C.N},
  journal={arXiv preprint arXiv:1803.10350},
  year={2018}
}

@article{AOBueno_DKay_VGrau_BRodriquez_KBurrage_2014a,
  title={Fractional diffusion models of cardiac electrical propagation: role of structural heterogeneity in dispersion of repolarization},
  author={Bueno-Orovio, A. and Kay, D. and Grau, V. and Rodriguez, B. and Burrage, K.},
 fauthor={Bueno-Orovio, Alfonso and Kay, David and Grau, Vicente and Rodriguez, Blanca and Burrage, Kevin},
  journal={Journal of Royal Society Interface},
  year={2014}
}

}
